
@book{Valrian_Inter_Micro,
 ISBN = {978-0-393-12396-8},
 author = {Hal R. Varian},
 publisher = {W. W. Norton \& Company},
 title = {Intermediate Microeconomics: A Modern Approach},
 year = {2014},
 edition ={9}
}
@article{Jensen_Miller_2008,
Author = {Jensen, Robert T. and Miller, Nolan H.},
Title = {Giffen Behavior and Subsistence Consumption},
Journal = {American Economic Review},
Volume = {98},
Number = {4},
Year = {2008},
Month = {September},
Pages = {1553-77},
DOI = {10.1257/aer.98.4.1553},
URL = {https://www.aeaweb.org/articles?id=10.1257/aer.98.4.1553}}
@techreport{Deconinck_Swinnen_2012,
     title = {War, Taxes and Borders: How Beer created Belgium},
     author = {Koen Deconinck and Johan F.M. Swinnen},
     group = {LICOS Centre for Institutions and Economic Performance},
     year = {2012},
     number = {308},
     series = {LICOS Discussion Paper},
     institution = {Katholieke Universiteit Leuven},
}
